@article{quesada2018gaussian,
title = {Gaussian functions are optimal for waveguided nonlinear-quantum-optical processes},
author = {Quesada, Nicol\'as and Bra\ifmmode \acute{n}\else \'{n}\fi{}czyk, Agata M.},
journal = {Phys. Rev. A},
volume = {98},
issue = {4},
pages = {043813},
numpages = {13},
year = {2018},
month = {Oct},
publisher = {American Physical Society},
doi = {10.1103/PhysRevA.98.043813},
url = {https://link.aps.org/doi/10.1103/PhysRevA.98.043813}
}


@article{quesada2017quantize,
author = {Nicol\'{a}s Quesada and J. E. Sipe},
journal = {Opt. Lett.},
number = {17},
pages = {3443--3446},
publisher = {OSA},
title = {Why you should not use the electric field to quantize in nonlinear optics},
volume = {42},
month = {Sep},
year = {2017},
url = {http://ol.osa.org/abstract.cfm?URI=ol-42-17-3443},
doi = {10.1364/OL.42.003443}
}